@Manual{citeR,
title = {R: A Language and Environment for Statistical Computing},
author = {{R Core Team}},
organization = {R Foundation for Statistical Computing},
address = {Vienna, Austria},
year = {2022},
url = {https://www.R-project.org/},
}

@Book{ggplot,
author = {Hadley Wickham},
title = {ggplot2: Elegant Graphics for Data Analysis},
publisher = {Springer-Verlag New York},
year = {2016},
isbn = {978-3-319-24277-4},
url = {https://ggplot2.tidyverse.org},
}

@Manual{odt,
title = {opendatatoronto: Access the City of Toronto Open Data Portal},
author = {Sharla Gelfand},
year = {2022},
note = {R package version 0.1.5},
url = {https://CRAN.R-project.org/package=opendatatoronto},
}

@Manual{janitor,
title = {janitor: Simple Tools for Examining and Cleaning Dirty Data},
author = {Sam Firke},
year = {2023},
note = {R package version 2.2.0},
url = {https://CRAN.R-project.org/package=janitor},
}

@Article{lubridate,
title = {Dates and Times Made Easy with {lubridate}},
author = {Garrett Grolemund and Hadley Wickham},
journal = {Journal of Statistical Software},
year = {2011},
volume = {40},
number = {3},
pages = {1--25},
url = {https://www.jstatsoft.org/v40/i03/},
}

@Article{tidyverse,
title = {Welcome to the {tidyverse}},
author = {Hadley Wickham and Mara Averick and Jennifer Bryan and Winston Chang and Lucy D'Agostino McGowan and Romain François and Garrett Grolemund and Alex Hayes and Lionel Henry and Jim Hester and Max Kuhn and Thomas Lin Pedersen and Evan Miller and Stephan Milton Bache and Kirill Müller and Jeroen Ooms and David Robinson and Dana Paige Seidel and Vitalie Spinu and Kohske Takahashi and Davis Vaughan and Claus Wilke and Kara Woo and Hiroaki Yutani},
year = {2019},
journal = {Journal of Open Source Software},
volume = {4},
number = {43},
pages = {1686},
doi = {10.21105/joss.01686},
}

@Manual{dplyr,
title = {dplyr: A Grammar of Data Manipulation},
author = {Hadley Wickham and Romain François and Lionel Henry and Kirill Müller and Davis Vaughan},
year = {2023},
note = {R package version 1.1.4},
url = {https://CRAN.R-project.org/package=dplyr},
}

@Book{ggplot,
author = {Hadley Wickham},
title = {ggplot2: Elegant Graphics for Data Analysis},
publisher = {Springer-Verlag New York},
year = {2016},
isbn = {978-3-319-24277-4},
url = {https://ggplot2.tidyverse.org},
}

@Article{testthat,
author = {Hadley Wickham},
title = {testthat: Get Started with Testing},
journal = {The R Journal},
year = {2011},
volume = {3},
pages = {5--10},
url = {https://journal.r-project.org/archive/2011-1/RJournal_2011-1_Wickham.pdf},
}

@Article{MartinWittmanLi,
AUTHOR = {Martin, Layla and Wittmann, Michael and Li, Xinyu},
TITLE = {The Influence of Public Transport Delays on Mobility on Demand Services},
JOURNAL = {Electronics},
VOLUME = {10},
YEAR = {2021},
NUMBER = {4},
ARTICLE-NUMBER = {379},
URL = {https://www.mdpi.com/2079-9292/10/4/379},
ISSN = {2079-9292},
}

@InBook{diaetal,
author = {Dia, Hussein and Taylor, Michael and Stone, John and Somenahalli, Sekhar and Cook, Stephen},
year = {2019},
month = {06},
pages = {259-285},
title = {Low Carbon Urban Mobility},
isbn = {978-981-13-7939-0},
doi = {10.1007/978-981-13-7940-6_14}
}

@Article{anderson,
Author = {Anderson, Michael L.},
Title = {Subways, Strikes, and Slowdowns: The Impacts of Public Transit on Traffic Congestion},
Journal = {American Economic Review},
Volume = {104},
Number = {9},
Year = {2014},
Month = {September},
Pages = {2763-96},
DOI = {10.1257/aer.104.9.2763},
URL = {https://www.aeaweb.org/articles?id=10.1257/aer.104.9.2763}
}

@Manual{readr,
title = {readr: Read Rectangular Text Data},
author = {Hadley Wickham and Jim Hester and Jennifer Bryan},
year = {2023},
note = {R package version 2.1.4},
url = {https://CRAN.R-project.org/package=readr},
}

@Dataset{busdata,
author = {TTC},
year = {2024},
month = {01},
title = {TTC Bus Delay Data},
url = {https://open.toronto.ca/dataset/ttc-bus-delay-data/}
}

@Dataset{subwaydata,
author = {TTC},
year = {2024},
month = {01},
title = {TTC Subway Delay Data},
url = {https://open.toronto.ca/dataset/ttc-subway-delay-data/}
}

@Dataset{streetcardata,
author = {TTC},
year = {2024},
month = {01},
title = {TTC Streetcar Delay Data},
url = {https://open.toronto.ca/dataset/ttc-streetcar-delay-data/}
}

@article{itanietal,
author = {Alaa Itani and Aya Aboudina and Ehab Diab and Siva Srikukenthiran and Amer Shalaby},
title ={Managing Unplanned Rail Disruptions: Policy Implications and Guidelines Towards an Effective Bus Bridging Strategy},
journal = {Transportation Research Record},
volume = {2673},
number = {4},
pages = {473-489},
year = {2019},
URL = {https://doi.org/10.1177/0361198119838838}
}

@misc{flack, 
title={Here’s the secret meaning behind TTC route numbers}, 
url={https://www.blogto.com/city/2015/11/whats_the_meaning_behind_ttc_route_numbers/}, journal={blogTO}, 
publisher={blogTO}, 
author={Flack, Derek}, 
year={2023}, 
month={Nov}
} 

@Manual{knitr,
  title = {knitr: A General-Purpose Package for Dynamic Report Generation in R},
  author = {Yihui Xie},
  year = {2023},
  note = {R package version 1.45},
  url = {https://yihui.org/knitr/},
}

@misc{routes, 
author = {TTC},
url={https://www.ttc.ca/routes-and-schedules/}, 
journal={TTC.ca}, 
publisher={Toronto Transit Commission}, 
year={2024}} 